@inproceedings{murray2012ava,
  title={AVA: A large-scale database for aesthetic visual analysis},
  author={Murray, Naila and Marchesotti, Luca and Perronnin, Florent},
  booktitle={Computer Vision and Pattern Recognition (CVPR), 2012 IEEE Conference on},
  pages={2408--2415},
  year={2012},
  organization={IEEE}
}
@inproceedings{quattrone2015there,
  title={There's no such thing as the perfect map: Quantifying bias in spatial crowd-sourcing datasets},
  author={Quattrone, Giovanni and Capra, Licia and De Meo, Pasquale},
  booktitle={Proceedings of the 18th ACM Conference on Computer Supported Cooperative Work \& Social Computing},
  pages={1021--1032},
  year={2015},
  organization={ACM}
}
@article{schor2017does,
  title={Does the sharing economy increase inequality within the eighty percent?: findings from a qualitative study of platform providers},
  author={Schor, Juliet B},
  journal={Cambridge Journal of Regions, Economy and Society},
  volume={10},
  number={2},
  pages={263--279},
  year={2017},
  publisher={Oxford University Press UK}
}

@article{cui2016discrimination,
  title={Discrimination with Incomplete Information in the Sharing Economy: Field Evidence from Airbnb},
  author={Cui, Ruomeng and Li, Jun and Zhang, Dennis J},
  year={2016}
}

@article{edelman2014digital,
  title={Digital discrimination: The case of Airbnb. com},
  author={Edelman, Benjamin G and Luca, Michael},
  year={2014}
}

@article{murphy2016airbnb,
  title={Airbnb?s Work to Fight Discrimination and Build Inclusion},
  author={Murphy, Laura W},
  journal={Report submitted to Airbnb},
  volume={8},
  pages={2016},
  year={2016}
}

@article{zervas2015first,
  title={A first look at online reputation on Airbnb, where every stay is above average},
  author={Zervas, Georgios and Proserpio, Davide and Byers, John},
  year={2015}
}
@inproceedings{fradkin2015bias,
  title={Bias and reciprocity in online reviews: Evidence from field experiments on airbnb},
  author={Fradkin, Andrey and Grewal, Elena and Holtz, Dave and Pearson, Matthew},
  booktitle={Proceedings of the Sixteenth ACM Conference on Economics and Computation},
  pages={641--641},
  year={2015},
  organization={ACM}
}
@techreport{ge2016racial,
  title={Racial and gender discrimination in transportation network companies},
  author={Ge, Yanbo and Knittel, Christopher R and MacKenzie, Don and Zoepf, Stephen},
  year={2016},
  institution={National Bureau of Economic Research}
}

@article{edelman2017racial,
  title={Racial discrimination in the sharing economy: Evidence from a field experiment},
  author={Edelman, Benjamin and Luca, Michael and Svirsky, Dan},
  journal={American Economic Journal: Applied Economics},
  volume={9},
  number={2},
  pages={1--22},
  year={2017},
  publisher={American Economic Association}
}

@article{fraiberger2015peer,
  title={Peer-to-peer rental markets in the sharing economy},
  author={Fraiberger, Samuel P and Sundararajan, Arun},
  year={2015}
}
@inproceedings{kooti2017analyzing,
  title={Analyzing Uber's Ride-sharing Economy},
  author={Kooti, Farshad and Grbovic, Mihajlo and Aiello, Luca Maria and Djuric, Nemanja and Radosavljevic, Vladan and Lerman, Kristina},
  booktitle={Proceedings of the 26th International Conference on World Wide Web Companion},
  pages={574--582},
  year={2017},
  organization={International World Wide Web Conferences Steering Committee}
}
@inproceedings{bakhshi2014faces,
  title={Faces engage us: Photos with faces attract more likes and comments on instagram},
  author={Bakhshi, Saeideh and Shamma, David A and Gilbert, Eric},
  booktitle={Proceedings of the 32nd annual ACM conference on Human factors in computing systems},
  pages={965--974},
  year={2014},
  organization={ACM}
}
@article{smith2016shared,
  title={Shared, collaborative and on demand: The new digital economy},
  author={Smith, Aaron},
  journal={Washington, DC: Pew Internet \& American Life Project. Retrieved May},
  volume={21},
  pages={2016},
  year={2016}
}
@article{nunberg2016goodbye,
  title={Goodbye jobs, hello'gigs': How one word sums up a new economic reality},
  author={Nunberg, Geoff},
  journal={NPR. January},
  volume={11},
  year={2016}
}

@article{milbourn2015future,
  title={In the Future, Employees Won?t Exist},
  author={Milbourn, Tad},
  journal={Tech Crunch},
  volume={13},
  year={2015}
}
@article{FRENKEN20173,
title = "Putting the sharing economy into perspective",
journal = "Environmental Innovation and Societal Transitions",
volume = "23",
pages = "3 - 10",
year = "2017",
note = "Sustainability Perspectives on the Sharing Economy",
issn = "2210-4224",
doi = "https://doi.org/10.1016/j.eist.2017.01.003",
url = "http://www.sciencedirect.com/science/article/pii/S2210422417300114",
author = "Koen Frenken and Juliet Schor",
keywords = "Sharing, Platform, Sustainability, Reverse technology assessment, Regulation"
}
@article{sprague2015worker,
  title={Worker (Mis) Classification in the Sharing Economy: Trying to Fit Square Pegs into Round Holes},
  author={Sprague, Robert},
  journal={ABA Journal of Labor \& Employment Law},
  volume={31},
  number={1},
  pages={53},
  year={2015},
  publisher={American Bar Association}
}
@inproceedings{ilgnet,
author = {Xin Jin and Jingying Chi and Siwei Peng and Yulu Tian and Chaochen Ye andXiaodong Li},
title = {Deep image aesthetics classification using inception modules and fine-tuning connected layer},
booktitle = {8th International Conference on Wireless Communications {\&} Signal Processing, {WCSP} 2016, Yangzhou, China, October 13-15, 2016},
pages = {1--6},
year = {2016}
}
@inproceedings{quattrone2014mind,
  title={Mind the map: the impact of culture and economic affluence on crowd-mapping behaviours},
  author={Quattrone, Giovanni and Mashhadi, Afra and Capra, Licia},
  booktitle={Proceedings of the 17th ACM conference on Computer supported cooperative work \& social computing},
  pages={934--944},
  year={2014},
  organization={ACM}
}
@inproceedings{mashhadi2013putting,
  title={Putting ubiquitous crowd-sourcing into context},
  author={Mashhadi, Afra and Quattrone, Giovanni and Capra, Licia},
  booktitle={Proceedings of the 2013 conference on Computer supported cooperative work},
  pages={611--622},
  year={2013},
  organization={ACM}
}
@article{li2013spatial,
  title={Spatial, temporal, and socioeconomic patterns in the use of Twitter and Flickr},
  author={Li, Linna and Goodchild, Michael F and Xu, Bo},
  journal={cartography and geographic information science},
  volume={40},
  number={2},
  pages={61--77},
  year={2013},
  publisher={Taylor \& Francis}
}

@article{Thebault-Spieker17,
  title={Toward a Geographic Understanding of the Sharing Economy: Systemic Biases in UberX and TaskRabbit},
  author={Thebault-Spieker, Jacob and Terveen, Loren and Hecht, Brent},
  journal={ACM Transactions on Computer-Human Interaction (TOCHI)},
  volume={24},
  number={3},
  pages={21},
  year={2017},
  publisher={ACM}
}

@inproceedings{quattrone16,
  title={Who benefits from the sharing economy of Airbnb?},
  author={Quattrone, Giovanni and Proserpio, Davide and Quercia, Daniele and Capra, Licia and Musolesi, Mirco},
  booktitle={Proceedings of the 25th International Conference on World Wide Web},
  pages={1385--1394},
  year={2016},
  organization={International World Wide Web Conferences Steering Committee}
}

@article{hecht2014tale,
  title={A Tale of Cities: Urban Biases in Volunteered Geographic Information.},
  author={Hecht, Brent J and Stephens, Monica},
  journal={ICWSM},
  volume={14},
  pages={197--205},
  year={2014}
}
@article{haklay2010good,
  title={How good is volunteered geographical information? A comparative study of OpenStreetMap and Ordnance Survey datasets},
  author={Haklay, Mordechai},
  journal={Environment and planning B: Planning and design},
  volume={37},
  number={4},
  pages={682--703},
  year={2010},
  publisher={SAGE Publications Sage UK: London, England}
}